2748 3834
480 322 561 363 332
1029 323 1411 365 1NscR1PT10Ns
1441 311 1824 364 CHRETIENNES

480 417 622 481 graula
658 419 930 469 animorum
963 418 1271 489 tenebraeque
1305 426 1431 469 sunt.
1473 417 1709 469 Obruitur
1741 418 1814 468 his
1848 418 2058 476 animus,
2095 417 2367 478 offuscatur,

418 537 420 541 ι
481 505 726 556 «inficitur
740 544 936 554 ......
978 504 1135 556 Omne
1159 504 1227 556 illi
1254 524 1363 556 cum
1390 504 1480 554 hac
1506 523 1649 555 carne
1678 505 1809 574 gravi
1836 510 2078 556 certamen
2106 510 2220 555 est1.
2237 527 2259 554 π

558 614 578 639 er
594 591 646 641 In
673 592 764 642 hoc
791 590 995 642 obnoxio
1025 591 1263 643 domicilio
1293 592 1481 642 animus
1508 590 1630 642 liber
1656 590 1856 642 habitat.
1880 591 2139 662 Nunquam
2167 610 2244 642 me
2263 610 2370 642 caro

483 679 605 729 «ista
634 676 890 748 compellet
915 677 978 728 ad
1004 686 1186 729 metum
1204 682 1236 728 ².
1253 701 1275 726 n

558 763 696 814 «Non
724 770 795 814 est
821 782 1009 814 summa
1035 763 1268 815 felicitatis
1294 770 1468 815 nostrae
1495 765 1545 814 in
1574 782 1716 815 carne
1742 764 1968 834 ponenda
1981 768 2014 815 ³.
2030 787 2053 813 π

557 848 721 907 Quant
747 853 774 898 a
810 848 947 901 l’idee
985 850 1253 901 renfermee
1291 849 1410 901 dans
1442 849 1487 901 le
1522 857 1623 901 mot
1662 845 1907 911 H05PITA,
1949 869 2072 902 nous
2103 850 2151 901 la
2183 858 2374 902 retrou-

481 953 597 986 vons
626 942 733 986 tout
760 937 940 988 entiere
975 943 1043 997 et,
1077 954 1203 1006 pour
1230 937 1350 987 ainsi
1377 936 1501 996 dire,
1532 955 1592 988 en
1618 944 1796 989 termes
1829 937 2123 1008 identiques,
2154 936 2273 988 dans
2301 944 2374 988 eet

481 1026 617 1072 autre
643 1040 842 1092 passage
870 1022 954 1074 des
980 1023 1144 1074 Lettres
1177 1027 1205 1074 ὰ
1230 1023 1429 1074 Lucilius
1457 1045 1470 1073 .-

557 1131 578 1156 π
606 1149 804 1159 ......
842 1109 938 1161 Nec
964 1109 1163 1161 domum
1192 1129 1292 1161 esse
1325 1109 1417 1161 hoc
1450 1129 1643 1181 corpus,
1681 1110 1764 1162 sed
1802 1111 2062 1181 hospitium
2101 1118 2148 1161 et
2178 1110 2372 1179 quidem

482 1217 503 1242 <r
516 1193 662 1246 breve
690 1195 950 1265 hospitium
965 1200 998 1247 4.
1015 1219 1037 1244 π

555 1281 621 1331 La
647 1281 852 1333 formule
881 1282 946 1332 du
974 1281 1167 1331 marbre
1195 1282 1254 1331 de
1282 1281 1459 1330 Treves
1487 1288 1558 1330 est
1584 1280 1736 1331 dictee
1763 1299 1852 1350 par
1878 1280 2168 1350 l’aspiration
2195 1298 2302 1331 vers
2329 1279 2374 1330 la

480 1367 634 1435 patrie
675 1366 869 1426 celeste,
922 1365 1028 1417 idee
1075 1372 1205 1416 toute
1244 1365 1521 1416 chretienne
1569 1385 1651 1417 sur
1690 1365 1900 1436 laquelle
1937 1366 2016 1436 j’ai
2057 1365 2164 1435 deja
2204 1365 2375 1437 appele

480 1451 743 1503 l’attention
771 1452 838 1503 du
864 1451 1047 1503 lecteur
1069 1455 1100 1502 ⁵.

556 1538 885 1610 L’inscription
914 1534 1218 1590 d’AMAHTlA
1245 1545 1316 1589 est
1343 1540 1597 1588 conservee
1619 1556 1682 1588 au
1704 1540 1868 1589 muse'e
1897 1537 1957 1589 de
1983 1537 2030 1587 la
2046 1537 2190 1589 ¹Porta
2212 1536 2373 1606 Nigra.

718 1919 723 1924 .
1381 1886 1485 1928 227.

484 1984 544 2026 De
575 1983 860 2035 Florencourt‚
894 1983 1159 2026 Altohristliche
1200 1983 1476 2041 Grabschriften
1506 1998 1576 2025 von
1605 1983 1685 2025 dem
1722 1982 1916 2040 Friedhofe
1950 1996 1997 2024 zu
2027 1982 2074 2023 δ’
2105 1981 2287 2023 Matthias
2323 1983 2380 2023 bei

552 2057 667 2108 Ther,
690 2073 730 2115 p.
757 2074 772 2100 1
786 2072 807 2100 2
821 2091 831 2109 ‚
855 2064 901 2100 ῐιο
918 2074 989 2100 x111
1013 2057 1177 2115 (extrait
1199 2058 1255 2100 du
1275 2057 1501 2100 Jahrbacher
1520 2072 1590 2099 von
1608 2055 1878 2114 Alterthumqfr.
1897 2056 1947 2097 im
1966 2054 2109 2098 Rheinl.
2135 2054 2296 2113 18l18);
2315 2079 2378 2086 —
2461 2050 2471 2060 ⁴

547 2131 722 2182 Steiner,
744 2130 862 2175 Inscr.
887 2131 989 2174 Dan.
1014 2141 1049 2174 et
1068 2131 1140 2175 Rh.
1163 2138 1208 2174 no
1236 2131 1373 2189 1768;
1402 2130 1603 2173 Altchristl.
1628 2129 1772 2172 [mehr.
1797 2144 1840 2187 p.
1871 2145 1945 2180 103
1969 2154 2031 2162 —-
2050 2129 2136 2172 voit*
2152 2143 2240 2172 mes
2261 2127 2378 2186 plan--

547 2205 661 2255 ches,
687 2212 732 2248 n⁰
762 2206 861 2249 151.

1590 2612 1597 2618 .
1615 2611 1622 2618 .
1641 2609 1648 2618 .
1666 2611 1672 2618 .
1691 2611 1698 2618 .
1717 2609 1725 2619 .
1741 2611 1747 2618 .
1766 2584 1823 2619 .de
1835 2596 1961 2619 carcere
1972 2584 2079 2619 carnis
2095 2588 2221 2619 euntes.

2043 2652 2134 2698 (Lib.
2151 2652 2205 2693 IV,
2220 2653 2302 2697 xiv.)

1226 2311 1487 2380 Ammo.
1516 2357 1523 2365 .
1553 2358 1561 2365 .
1591 2358 1599 2364 .

1230 2411 1282 2464 lH
1318 2410 1465 2464 ΡᾹΕΕ.
1494 2456 1502 2463 .
1532 2456 1539 2462 .
1569 2455 1576 2463 .

545 2587 552 2604 ¹
588 2585 783 2625 Consolatio
805 2584 852 2624 ad
872 2584 1067 2631 Marciam,
1091 2598 1122 2624 c.
1144 2598 1239 2623 xxxv.

543 2652 555 2671 ‘⁸'
586 2652 654 2708 Ep.
677 2667 755 2692 va.

543 2722 554 2740 ³
584 2721 653 2776 Ep.
674 2736 789 2761 Lxxw.

542 2788 555 2808 ‘¹
584 2789 652 2844 Ep.
681 2803 759 2829 cxx.
788 2788 890 2829 Cette
910 2789 1061 2843 Ρθηεέθ,
1090 2789 1121 2828 si
1146 2793 1299 2829 souvent
1319 2802 1381 2829 ex—

484 2857 624 2912 primee
653 2856 699 2898 de
724 2871 792 2897 nos
813 2856 936 2911 jours,
965 2862 1019 2897 est
1036 2856 1218 2912 plusieurs
1238 2856 1306 2896 fois
1325 2870 1381 2897 re—

483 2925 653 2980 produite
673 2939 742 2981 par
760 2925 812 2965 les
832 2924 1023 2980 epitaphes
1050 2924 1097 2965 de
1121 2922 1316 2972 Fortunat,
1345 2930 1381 2965 et

484 2993 575 3034 dans
589 2994 641 3034 les
661 2998 794 3034 termes
814 2993 953 3034 memes
973 2993 1023 3033 ou
1034 3006 1128 3034 nous
1143 2993 1177 3033 la
1192 2993 1304 3034 lisons
1318 3007 1380 3033 sur

484 3060 517 3100 le
539 3061 665 3101 titulus
695 3061 742 3102 de
767 3061 914 3102 Treves.

487 3140 642 3182 Quamvis
651 3141 748 3191 longa
758 3141 829 3177 dies
834 3141 943 3177 brevis
949 3140 1004 3176 hic
1011 3145 1109 3189 atque
1119 3140 1248 3190 hospita
1258 3141 1313 3176 lux
1320 3145 1378 3177 est.

875 3201 1025 3249 (Miscell.
1038 3202 1097 3239 lib.
1116 3203 1173 3246 lv,
1187 3203 1278 3250 κω.)

1482 2762 1536 2803 Cf.
1555 2762 1705 2803 Hieron.
1726 2760 1822 2816 Epit.
1843 2761 1985 2809 Pauloe,
2005 2767 2032 2801 t.
2055 2760 2115 2808 lv,
2136 2760 2203 2801 eol.
2224 2760 2303 2814 670
2316 2791 2324 2806 ‚
2341 2766 2377 2800 et

1480 2830 1582 2871 Paul.
1613 2830 1691 2870 Nol.
1721 2829 1807 2870 edit.
1841 2829 1887 2870 de
1924 2828 2048 2876 1685,
2081 2828 2199 2868 Poem.
2227 2826 2374 2871 XXXII,

1479 2913 1518 2954 p.
1546 2899 1656 2952 175:

1530 3016 1578 3052 Ne
1594 3020 1725 3053 terrena
1742 3015 1801 3050 diu
1815 3015 1963 3063 contagia
1980 3014 2101 3049 mixtus
2117 3014 2258 3061 iniquis,

1582 3078 1724 3114 Duceret
1736 3077 1772 3112 in
1789 3076 1896 3124 fragili
1914 3076 2058 3124 corporis
2070 3075 2225 3123 hospitio.

1538 3196 1550 3215 ⁵
1580 3194 1634 3237 Cf.
1656 3208 1735 3236 mes
1754 3194 2009 3235 Dissertations
2030 3197 2082 3233 n⁰¹
2108 3193 2152 3238 3,
2180 3191 2229 3231 [ιίι
2253 3196 2288 3231 et
2307 3191 2372 3243 57.
