2748 3834
1196 322 1266 364 DE
1295 322 1362 364 LA
1391 321 1585 363 GAULE.
2253 324 2334 383 1167

441 439 501 472 en
556 439 575 471 1
595 420 688 471 151
710 424 742 479 ¹,
791 424 900 470 sont
945 419 1278 472 mentionnees
1319 437 1409 490 par
1454 416 1500 469 le
1546 417 1679 469 Liber
1719 418 2033 470 revelationum
2077 417 2137 470 de
2182 421 2332 471 sainte

439 491 684 558 Elisabeth
712 505 772 558 de
800 505 1069 558 schonau2.

514 594 568 646 Je
595 594 730 666 copie
751 593 797 646 le
824 594 944 645 recit
966 592 1192 664 d'Egbert
1220 614 1230 644 ε

517 682 734 752 «Rogata
769 699 925 742 eram,
961 680 1031 732 dit
1058 680 1105 732 la
1139 681 1314 740 sainte,
1349 686 1404 732 ut
1439 680 1777 750 investigarem
1812 679 1873 732 de
1906 679 2046 733 titulo
2080 679 2331 753 cujusdam

441 767 764 820 «venerabilis
794 768 1121 828 monumenti,
1149 767 1284 839 quod
1313 766 1613 819 intitulatum
1642 775 1745 819 erat
1771 767 1864 820 hoc
1892 767 2037 820 modo
2068 789 2079 818 ε
2112 767 2200 820 Hic
2214 768 2333 838 jacet

441 879 463 904 α
477 856 526 907 in
548 855 676 907 tamis
702 854 948 916 AEfflerius,
980 854 1061 925 qui
1078 854 1194 906 vixit
1210 874 1350 906 annos
1368 854 1531 924 viginti
1546 854 1739 926 quinque
1742 855 1921 925 fideles,
1950 855 2001 906 in
2015 875 2126 925 pace
2142 856 2331 906 recessit.

440 966 463 990 π
477 942 538 994 Et
562 941 888 1013 subscriptum
916 947 1021 992 erat
1047 940 1333 1012 capitalibus
1358 940 1510 993 literis
1537 941 1660 992 REX
1688 948 1737 993 et
1760 948 1864 992 erat
1890 941 2046 1012 figura
2072 942 2111 993 R
2140 942 2333 1013 grandis

441 1036 625 1101 «atque
651 1030 717 1080 ita
738 1027 966 1098 disposita
988 1034 1049 1091 ‘ut
1064 1028 1116 1079 in
1143 1047 1200 1079 ea
1226 1029 1386 1080 notari
1410 1020 1596 1100 possint
1622 1028 1730 1080 duae
1756 1027 1908 1080 literae
1930 1028 2107 1080 scilicet
2131 1029 2166 1080 P
2194 1036 2243 1080 et
2267 1029 2329 1089 R;

441 1123 715 1187 «erantque
752 1115 860 1166 duae
891 1114 1043 1166 literae
1073 1114 1112 1165 E
1151 1115 1279 1166 et·X
1312 1116 1362 1166 in
1399 1116 1590 1167 sinistro
1620 1114 1772 1167 latere
1807 1115 1975 1186 figurae
2009 1115 2248 1186 ejusdem3
2283 1117 2333 1166 in

441 1227 464 1252 π
478 1203 674 1255 dextero
708 1207 871 1253 autem
904 1200 1057 1253 latere
1094 1201 1296 1273 capitale
1336 1201 1375 1252 A
1408 1203 1640 1273 scriptum
1681 1209 1799 1254 erat.
1834 1202 2055 1274 Itemque
2085 1203 2136 1254 in
2169 1202 2330 1274 lapide

441 1314 463 1339 «
477 1289 691 1362 quodam
715 1292 851 1360 juxta
882 1290 1078 1341 invento
1107 1290 1340 1364 scriptum
1371 1288 1626 1360 legebatur
1655 1289 1880 1341 Demetria
1905 1290 2093 1360 Regina.
2121 1290 2335 1342 Interro-

441 1400 463 1426 π
478 1377 584 1447 gavi
607 1377 758 1447 igitur
781 1376 838 1429 B.
860 1376 1101 1429 Verenam
1135 1376 1196 1428 de
1216 1376 1313 1437 his,
1337 1376 1580 1449 simulque
1606 1377 1667 1429 de
1693 1377 1930 1429 infantula
1957 1376 2192 1449 quadam,
2223 1396 2331 1449 quae

441 1467 609 1534 «juxta
628 1464 824 1515 inventa
851 1470 943 1524 est,
968 1463 1154 1516 habens
1173 1463 1370 1541 titulum
1396 1464 1654 1516 Florentiae
1671 1465 1846 1535 puella,
1879 1472 1928 1516 et
1944 1464 2195 1536 respondit
2216 1451 2333 1515 mihi

441 1574 463 1598 «τ
478 1550 540 1602 ad
570 1551 732 1602 omnia
759 1550 944 1612 dicenS,
969 1550 1216 1604 AEtherius
1241 1552 1340 1604 Rex
1365 1569 1572 1622 sponsus
1594 1552 1686 1604 fuit
1711 1551 1760 1605 S.
1787 1550 1971 1604 Ursulae
1998 1552 2213 1623 Reginae,
2241 1551 2336 1603 De-

441 1638 651 1689 «metria
677 1656 791 1690 vero
825 1638 916 1689 fuit
946 1645 1104 1690 mater
1136 1629 1361 1699 AEtherii,
1395 1638 1675 1691 Florentina
1710 1645 1873 1691 autem
1906 1658 2042 1691 soror
2074 1638 2290 1711 ejusdem
2321 1661 2331 1689 :

441 1749 464 1775 ce
478 1732 528 1778 et
556 1725 743 1777 addidit
768 1723 897 1777 ultro
927 1725 1091 1778 dicens
1118 1747 1128 1777 ε
1165 1726 1375 1778 narrabo
1411 1727 1555 1778 etiam
1580 1726 1669 1778 tibi
1696 1726 1816 1799 quid
1846 1727 2080 1798 significat
2106 1727 2144 1778 A
2167 1726 2329 1786 litera,

442 1831 589 1884 ‹equae
614 1811 757 1864 titulo
790 1813 930 1883 Regis
961 1813 1200 1884 adscripta
1227 1821 1313 1866 est.
1343 1813 1492 1866 Sume
1515 1813 1671 1866 tribus
1693 1814 1877 1866 vicibus
1910 1813 2114 1866 eandem
2143 1813 2333 1866 literam

443 1900 517 1951 «A
545 1907 594 1952 et
619 1900 828 1972 adjunge
863 1902 908 1953 ei
939 1908 1037 1953 tres
1065 1901 1228 1954 literas
1259 1901 1479 1954 X.P.R.
1536 1908 1584 1954 et
1611 1901 1812 1954 habebis
1847 1901 2088 1953 AXPARA
2122 1902 2255 1973 quod
2288 1910 2335 1954 et

442 2005 658 2038 «nomen
678 1986 930 2057 cujusdam
955 1987 1167 2040 Ducissae
1195 2007 1304 2059 quae
1324 1989 1374 2041 in
1398 1989 1553 2040 vicino
1579 1996 1773 2059 reperta
1799 1996 1871 2041 est
1901 2010 1912 2039 ε
1942 1990 2033 2041 fuit
2051 1996 2214 2042 autem
2238 1989 2334 2041 filia

442 2074 747 2126 «Materterae
774 2074 1000 2136 AEtherii,
1029 2094 1306 2147 magnoque
1331 2075 1597 2128 dilectionis
1617 2075 1810 2128 vinculo
1837 2077 1881 2128 ei
1908 2075 2170 2128 adstricta:
2202 2077 2334 2148 quod

442 2185 464 2210 «τ
479 2162 747 2232 significare
767 2161 920 2213 voluit
939 2162 1066 2214 tituli
1088 2164 1306 2235 scriptor,
1330 2182 1441 2214 cum
1466 2164 1531 2215 ita
1553 2163 1807 2215 admiscuit
1829 2183 2009 2215 nomen
2031 2165 2133 2234 ejus
2151 2163 2336 2216 nomini

442 2249 611 2318 «regio
642 2268 654 2298 ι
683 2247 786 2300 Hoc
812 2249 1110 2301 manifestius
1143 2251 1343 2322 exprimi
1376 2269 1474 2302 non
1504 2250 1779 2322 oportebat,
1811 2251 1925 2322 quia
1956 2251 2175 2302 futurum
2205 2259 2332 2311 erat,

442 2341 535 2386 «ut
565 2353 655 2406 per
681 2341 728 2387 te
754 2335 857 2386 haec
881 2336 1042 2387 omnia
1063 2335 1508 2389 manifestarentur.
1525 2360 1548 2386 π

517 2414 648 2472 Dans
680 2420 728 2497 le
762 2441 1127 2493 monogramme
1167 2423 1367 2496 indique
1402 2444 1465 2476 au
1500 2424 1587 2476 has
1624 2424 1684 2477 de
1723 2424 1771 2476 la
1802 2425 2043 2497 premiere
2083 2425 2330 2497 epitaphe‚

440 2509 636 2561 Brower
656 2528 684 2561 a
711 2529 796 2561 cru
824 2510 1126 2572 reconnaitre
1153 2509 1199 2563 le
1231 2511 1437 2563 chrisme
1467 2516 1651 2564 accoste
1677 2512 1737 2564 de
1756 2506 1826 2564 ΓΑ
1854 2520 1901 2564 et
1927 2511 1988 2564 de
2013 2508 2114 2563 l’UJ.
2143 2511 2182 2563 A
2212 2519 2334 2564 cette

441 2597 832 2668 interpretation,
857 2596 1157 2649 Crombach³
1177 2617 1358 2670 oppose
1384 2599 1700 2671 l’explication
1722 2599 1868 2671 qu'on
1894 2600 2026 2651 vient
2052 2599 2112 2651 de
2138 2599 2251 2660 lire,
2283 2608 2330 2650 et

441 2682 712 2735 Masenius⁸
748 2703 775 2735 a
809 2685 1015 2755 corrige,
1057 2704 1158 2737 non
1193 2703 1303 2738 sans
1335 2686 1550 2758 quelque
1577 2686 1825 2759 scrupule,
1860 2686 1931 2738 les
1957 2687 2154 2738 Annales
2185 2686 2334 2749 Trem}

446 2809 512 2864 Op.
534 2824 587 2864 ep.
609 2817 636 2851 t.
659 2811 694 2858 Ι,
713 2826 752 2867 p.
776 2812 877 2859 315,
898 2817 950 2853 n⁰⁶
968 2813 1044 2854 321
1059 2846 1069 2862 ,
1089 2814 1191 2862 δρῦς
1211 2814 1337 2856 Bauer.
1440 2816 1593 2856 desacro
1610 2817 1766 2857 exercitu
1781 2815 2336 2871 virginumColonenaimn,c.x1.
2370 2794 2375 2799 -

411 2900 413 2903 ·
443 2878 525 2918 dell*
541 2877 702 2922 Instimto
718 2880 758 2920 di
770 2881 918 2935 corr-cap.
937 2881 1034 2922 arch.
1052 2882 1221 2939 18l⁸1‚p.
1238 2898 1335 2937 1703
1444 2884 1663 2925 «Revelantur
1686 2885 1721 2926 ei
1740 2884 1786 2926 de
1804 2885 1904 2941 Rege
1926 2884 2086 2926 AEtherio
2112 2891 2148 2926 et
2175 2885 2337 2941 quadam

443 2944 531 2986 Noel
549 2946 622 2988 Des
636 2946 810 3004 Vergers,
832 2947 946 2989 Reme
965 2950 1008 2990 de
1017 2950 1232 3006 philolog-ie,
1254 2957 1282 2992 t.
1305 2951 1337 2997 I,
1443 2952 1609 3009 «Regina
1640 2953 1826 2994 Demetria
1861 2959 1897 2994 et
1932 2953 2140 2995 Florentina
2173 2954 2334 3010 puellam

442 3028 481 3069 p.
507 3015 625 3069 516.)
647 3023 655 3030 ‘
1441 3019 1688 3073 (Crombach,
1715 3021 1754 3062 S.
1785 3020 1914 3062 Ursula
1943 3021 2143 3071 Vindicaea,
2174 3037 2211 3078 p.
2235 3022 2336 3076 733,

503 3082 513 3101 ¹
544 3081 710 3129 Brower,
753 3085 908 3125 Annales
952 3086 1188 3134 Treviremec,
1231 3094 1256 3128 t.
1301 3088 1338 3134 1,
1443 3089 1561 3144 734.)

444 3164 482 3204 p.
504 3149 583 3194 288
605 3150 646 3191 B.
1498 3158 1510 3177 ³
1544 3157 1611 3212 Op.
1633 3159 1690 3199 cit.
1712 3173 1750 3214 p.
1765 3159 1858 3213 73l1.

501 3217 514 3236 ²
544 3217 743 3274 Egbertus,
765 3220 873 3261 Liber
893 3222 1137 3264 revelationum
1160 3223 1340 3265 Elisabeth
1497 3225 1508 3244 ⁴
1539 3226 1631 3267 Arm.
1659 3226 1755 3267 Trev.
1779 3233 1804 3268 t.
1827 3227 1860 3274 I,
1881 3243 1919 3283 p.
1948 3228 2048 3283 593,
2072 3229 2166 3284 59l1.

2093 3327 2156 3371 59.
2221 3339 2230 3347 ·
